@article{barber:92,
  title={Too much of a good thing: light can be bad for photosynthesis},
  author={Barber, James and Andersson, Bertil},
  journal={Trends in biochemical sciences},
  volume={17},
  number={2},
  pages={61--66},
  year={1992},
  publisher={Elsevier},
  address={Cambridge, MA, USA},
},

@article{silva:18,
	title={Ambientações messiânicas: Um estudo acerca das idiocrassias},
	author={Silva, Luís Eduardo Talavera Pereira and Martins, Luisa Helena Madureira and Yang, Qu and Wang, Kim},
	journal={Pesquisas Estrambólicas},
	volume={20},
	number={1},
	pages={101--106},
	year={2018},
	publisher={Yegsidra},
	address={São Paulo, SP, Brasil},
}